%
% BibTex Database
% ===========================================================================
% This is part of the document "Project documentation template".
% Authors: brd3
%

@booklet{gartner:iotHype,
	author = {Levy {Heather Pemberton}},
	title = {What’s New in Gartner’s Hype Cycle for Emerging Technologies},
	year = {2015},
	url = {http://www.gartner.com/smarterwithgartner/whats-new-in-gartners-hype-cycle-for-emerging-technologies-2015/}
}

@online{lora:FAQ,
	author = {{Semtech AG}},
	title = {{LoRa™ FAQs}},
	year = {2015},
	url = {http://www.semtech.com/wireless-rf/lora/LoRa-FAQs.pdf}
}

@booklet{lora:NetworkGuide,
  author = {{Libelium Comunicaciones Distribuidas}},
  title = {Waspmote LoRa 868MHz 915MHz SX1272 Networking Guide},
  year = {2016},
  url = {http://www.libelium.com/downloads/documentation/waspmote_lora_868mhz_915mhz_sx1272_networking_guide.pdf}
}

@booklet{bfh:optimizedDataTransmission,
  author = {Bohni, Pascal and Jaggi, Roger},
  title = {Optimierte Datenübertragung Siot.net},
  year = {2016},
}

@online{market:genican,
  author = {Griffin, Rob},
  title = {{GeniCan funding on Indiegogo}},
  year = 2015,
  url = {https://www.indiegogo.com/projects/genican-your-garbage-can-just-got-smart},
  urldate = {2016-06-23}
}

@online{market:LondonBins,
  author = {Barnes, Marcus},
  title = {{News about recycling bins in London}},
  year = 2012,
  url = {http://www.dailymail.co.uk/news/article-2092367/London-broadcasts-news-City-workers-recycling-bins.html},
  urldate = {2016-04-23}
}

@online{market:LondonBinsStop,
  author = {Miller, Joe},
  title = {{City of London calls halt to smartphone tracking bins}},
  year = 2013,
  url = {http://www.bbc.com/news/technology-23665490},
  urldate = {2016-06-23}
}

@online{market:LondonBinRuin,
  author = {Ravender, Sembhy},
  title = {{Bin company Renew dumped for 4m pounds loss}},
  year = 2013,
  url = {http://www.express.co.uk/finance/city/436416/Bin-company-Renew-dumped-for-4m-loss},
  urldate = {2016-06-23}
}

@online{market:sortingTrashCan,
  author = {Hilmer, Carrie},
  title = {{Students Take Top Prize for Intelligent Trashcan}},
  year = 2013,
  url = {http://www.umdrightnow.umd.edu/news/students-take-top-prize-intelligent-trashcan},
  urldate = {2016-04-25}
}

@online{market:ChinaTrash,
  author = {Zeng, Vivienne},
  title = {{Intelligent [...] rubbish bins appear in China}},
  year = 2015,
  url = {https://www.hongkongfp.com/2015/12/10/intelligent-anti-explosion-anti-fire-and-anti-odour-wifi-enabled-rubbish-bins-appear-in-china},
  urldate = {2016-04-25}
}

@online{market:ChinaTrash2,
  author = {{News from elsewhere}},
  title = {{China: Chengdu rolls out intelligent rubbish bins}},
  year = 2015,
  url = {http://www.bbc.com/news/blogs-news-from-elsewhere-34539197},
  urldate = {2016-06-23}
}

@online{market:BigBelly,
  author = {{News from elsewhere}},
  title = {{Stadt Freiburg sagt Abfall den Kampf an}},
  year = 2012,
  url = {http://www.freiburger-nachrichten.ch/grogrossfreiburg-archiv/stadt-freiburg-sagt-abfall-den-kampf},
  urldate = {2016-04-22}
}

@online{market:Enevo,
  author = {{Enevo}},
  title = {{Optimising Waste Collection}},
  year = 2015,
  url = {http://enevo.com/},
  urldate = {2016-06-23}
}




