%
% BibTex Database
% ===========================================================================
% This is part of the document "Project documentation template".
% Authors: brd3
%

@booklet{lora:FAQ,
	author = {{Semtech AG}},
	title = {{LoRaâ„¢ FAQs}},
	year = {2015},
	url = {http://www.semtech.com/wireless-rf/lora/LoRa-FAQs.pdf}
}

@booklet{lora:NetworkGuide,
  author = {{Libelium Comunicaciones Distribuidas}},
  title = {Waspmote LoRa 868MHz 915MHz SX1272 Networking Guide},
  year = {2016},
  url = {http://www.libelium.com/downloads/documentation/waspmote_lora_868mhz_915mhz_sx1272_networking_guide.pdf}
}
